%% This BibTeX bibliography file was created using BibDesk.
%% https://bibdesk.sourceforge.io/

%% Created for Jeremy Clark at 2021-05-31 14:24:58 -0400


%% Saved with string encoding Unicode (UTF-8)



@article{Fas13,
	author = {Joe Fasser},
	date-added = {2021-05-31 14:23:44 -0400},
	date-modified = {2021-05-31 14:24:58 -0400},
	journal = {The Atlantic},
	month = {July},
	title = {Why Stephen King Spends `Months and Even Years' Writing Opening Sentences},
	year = {2013}}

@book{Pin15,
	author = {Pinker, Steven},
	date-added = {2021-05-31 12:35:37 -0400},
	date-modified = {2021-05-31 12:35:43 -0400},
	publisher = {Penguin Books},
	title = {The sense of style: The thinking person's guide to writing in the 21st century},
	year = {2015}}

@article{glaser1968discovery,
	author = {Glaser, Barney G and Strauss, Anselm L},
	title = {The discovery of grounded theory; strategies for qualitative research},
	year = {1967}}

@article{ruoti2019blockchain,
	author = {Ruoti, Scott and Kaiser, Ben and Yerukhimovich, Arkady and Clark, Jeremy and Cunningham, Robert},
	journal = {Communications of the ACM},
	number = {1},
	pages = {46--53},
	publisher = {ACM New York, NY, USA},
	title = {Blockchain technology: what is it good for?},
	volume = {63},
	year = {2019}}

@article{king1967opening,
	author = {King, Lester S},
	journal = {JAMA},
	number = {6},
	pages = {535--536},
	publisher = {American Medical Association},
	title = {The Opening Sentence},
	volume = {202},
	year = {1967}}

@article{cameron2009demystifying,
	author = {Cameron, Jenny and Nairn, Karen and Higgins, Jane},
	journal = {Journal of Geography in Higher Education},
	number = {2},
	pages = {269--284},
	publisher = {Taylor \& Francis},
	title = {Demystifying academic writing: Reflections on emotions, know-how and academic identity},
	volume = {33},
	year = {2009}}

@article{hartley2012new,
	author = {Hartley, James},
	journal = {International Journal of Clinical and Health Psychology},
	number = {1},
	pages = {143--160},
	publisher = {Asociaci{\'o}n Espa{\~n}ola de Psicolog{\'\i}a Conductual},
	title = {New ways of making academic articles easier to read},
	volume = {12},
	year = {2012}}

@article{biber2010challenging,
	author = {Biber, Douglas and Gray, Bethany},
	journal = {Journal of English for Academic Purposes},
	number = {1},
	pages = {2--20},
	publisher = {Elsevier},
	title = {Challenging stereotypes about academic writing: Complexity, elaboration, explicitness},
	volume = {9},
	year = {2010}}

@article{mai2020user,
	author = {Mai, Alexandra and Pfeffer, Katharina and Gusenbauer, Matthias and Weippl, Edgar and Krombholz, Katharina},
	title = {User Mental Models of Cryptocurrency Systems----A Grounded Theory Approach},
	year = {2020}}

@inproceedings{danilova2020one,
	author = {Danilova, Anastasia and Naiakshina, Alena and Smith, Matthew},
	booktitle = {2020 IEEE/ACM 42nd International Conference on Software Engineering (ICSE)},
	organization = {IEEE},
	pages = {136--148},
	title = {One size does not fit all: a grounded theory and online survey study of developer preferences for security warning types},
	year = {2020}}

@inproceedings{assal2018motivations,
	author = {Assal, Hala and Chiasson, Sonia},
	booktitle = {SOUPS Workshop on Security Information Workers (WSIW). USENIX Association},
	title = {Motivations and amotivations for software security},
	year = {2018}}

@inproceedings{ruoti2017weighing,
	author = {Ruoti, Scott and Monson, Tyler and Wu, Justin and Zappala, Daniel and Seamons, Kent},
	booktitle = {Thirteenth Symposium on Usable Privacy and Security ($\{$SOUPS$\}$ 2017)},
	pages = {211--228},
	title = {Weighing context and trade-offs: How suburban adults selected their online security posture},
	year = {2017}}

@inproceedings{stobert2014password,
	title={The password life cycle: user behaviour in managing passwords},
	author={Stobert, Elizabeth and Biddle, Robert},
	booktitle={10th Symposium On Usable Privacy and Security ($\{$SOUPS$\}$ 2014)},
	pages={243--255},
	year={2014}
}

@inproceedings{kay1998computer,
	title={Computer scientists can teach writing: an upper division course for computer science majors},
	author={Kay, David G},
	booktitle={Proceedings of the twenty-ninth SIGCSE technical symposium on Computer science education},
	pages={117--120},
	year={1998}
}

@article{anewalt2002experiences,
	title={Experiences teaching writing in a computer science course for the first time},
	author={Anewalt, Karen},
	journal={Journal of Computing Sciences in Colleges},
	volume={18},
	number={2},
	pages={346--355},
	year={2002},
	publisher={Consortium for Computing Sciences in Colleges}
}

@article{taylor1993interdisciplinary,
	title={An interdisciplinary approach to the development of writing skills in computer science students},
	author={Taylor, Harriet G and Paine, Katharine M},
	journal={ACM SIGCSE Bulletin},
	volume={25},
	number={1},
	pages={274--278},
	year={1993},
	publisher={ACM New York, NY, USA}
}

@article{hoffman2006bridging,
	title={Bridging writing to learn and writing in the discipline in computer science education},
	author={Hoffman, Mark E and Dansdill, Timothy and Herscovici, David S},
	journal={ACM SIGCSE Bulletin},
	volume={38},
	number={1},
	pages={117--121},
	year={2006},
	publisher={ACM New York, NY, USA}
}

@article{anewalt2003professional,
	title={A professional practice component in writing: a simple way to enhance an existing course},
	author={Anewalt, Karen},
	journal={Journal of Computing Sciences in Colleges},
	volume={18},
	number={3},
	pages={155--165},
	year={2003},
	publisher={Consortium for Computing Sciences in Colleges}
}

@proceedings{usenix14,
	title = {SEC'14: Proceedings of the 23rd USENIX Conference on Security Symposium},
	year = {2014},
	isbn = {9781931971157},
	publisher = {USENIX Association},
	address = {USA},
	location = {San Diego, CA}
}

@proceedings{usenix15,
	title = {SEC'15: Proceedings of the 24th USENIX Conference on Security Symposium},
	year = {2015},
	isbn = {9781931971232},
	publisher = {USENIX Association},
	address = {USA},
	location = {Washington, D.C.}
}

@proceedings{usenix16,
	title = {SEC'16: Proceedings of the 25th USENIX Conference on Security Symposium},
	year = {2016},
	isbn = {9781931971324},
	publisher = {USENIX Association},
	address = {USA},
	location = {Austin, TX, USA}
}

@inproceedings{CC2020,
	title={CC2020: A Vision on Computing Curricula},
	author={Clear, Alison and Parrish, Allen and Zhang, Ming and van der Veer, Gerritt C},
	booktitle={Proceedings of the 2017 ACM SIGCSE Technical Symposium on Computer Science Education},
	pages={647--648},
	year={2017}
}

@inproceedings{Pes91,
	title={Integrating writing into computer science courses},
	author={Pesante, Linda H},
	booktitle={Proceedings of the twenty-second SIGCSE technical symposium on Computer science education},
	pages={205--209},
	year={1991}
}

@article{TP93,
	title={An interdisciplinary approach to the development of writing skills in computer science students},
	author={Taylor, Harriet G and Paine, Katharine M},
	journal={ACM SIGCSE Bulletin},
	volume={25},
	number={1},
	pages={274--278},
	year={1993},
	publisher={ACM New York, NY, USA}
}

@article{FPC96,
	title={Writing across the computer science curriculum},
	author={Fell, Harriet J and Proulx, Viera K and Casey, John},
	journal={ACM SIGCSE Bulletin},
	volume={28},
	number={1},
	pages={204--209},
	year={1996},
	publisher={ACM New York, NY, USA}
}

@inproceedings{Kay98,
	title={Computer scientists can teach writing: an upper division course for computer science majors},
	author={Kay, David G},
	booktitle={Proceedings of the twenty-ninth SIGCSE technical symposium on Computer science education},
	pages={117--120},
	year={1998}
}

@techreport{CC2020report,
	author      = {Clear, Alison and Parrish, Allen},
	title       = { A Computing Curricula Series Report, CC2020},
	institution = {Association for Computing Machinery (ACM), IEEE Computer Society (IEEE-CS)},
	year    ={December 31, 2020}
}
