@inproceedings{graziano2015needles,
  title={Needles in a haystack: Mining information from public dynamic analysis sandboxes for malware intelligence},
  author={Graziano, Mariano and Canali, Davide and Bilge, Leyla and Lanzi, Andrea and Shi, Elaine and Balzarotti, Davide and van Dijk, Marten and Bailey, Michael and Devadas, Srinivas and Liu, Mingyan and others},
  booktitle={USENIX Security},
  pages={1057--1072},
  year={2015}
}


@inproceedings{demmler2014,
	title={Ad-hoc secure two-party computation on mobile devices using hardware tokens},
	author={Demmler, Daniel and Schneider, Thomas and Zohner, Michael},
	booktitle={USENIX Security},
	pages={893--908},
	year={2014}
}

@inproceedings{beringer2015verified,
	title={Verified Correctness and Security of OpenSSL $\{$HMAC$\}$},
	author={Beringer, Lennart and Petcher, Adam and Katherine, Q Ye and Appel, Andrew W},
	booktitle={USENIX Security},
	pages={207--221},
	year={2015}
}

@inproceedings{saltaformaggio2014dscrete,
	title={$\{$DSCRETE$\}$: Automatic rendering of forensic information from memory images via application logic reuse},
	author={Saltaformaggio, Brendan and Gu, Zhongshu and Zhang, Xiangyu and Xu, Dongyan},
	booktitle={USENIX Security},
	pages={255--269},
	year={2014}
}

@inproceedings{lentz2014sddr,
	title={$\{$SDDR$\}$: Light-Weight, Secure Mobile Encounters},
	author={Lentz, Matthew and Erd{\'e}lyi, Viktor and Aditya, Paarijaat and Shi, Elaine and Druschel, Peter and Bhattacharjee, Bobby},
	booktitle={USENIX Security},
	pages={925--940},
	year={2014}
}

@inproceedings{yarom2014flush+,
	title={FLUSH+ RELOAD: A high resolution, low noise, L3 cache side-channel attack},
	author={Yarom, Yuval and Falkner, Katrina},
	booktitle={USENIX Security},
	pages={719--732},
	year={2014}
}




@inproceedings{komanduri2014telepathwords,
	title={Telepathwords: Preventing weak passwords by reading users’ minds},
	author={Komanduri, Saranga and Shay, Richard and Cranor, Lorrie Faith and Herley, Cormac and Schechter, Stuart},
	booktitle={USENIX Security},
	pages={591--606},
	year={2014}
}

@inproceedings{tripp2014bayesian,
	title={A bayesian approach to privacy enforcement in smartphones},
	author={Tripp, Omer and Rubin, Julia},
	booktitle={USENIX Security},
	pages={175--190},
	year={2014}
}

@inproceedings{garcia2016lock,
	title={Lock it and still lose it—on the (in) security of automotive remote keyless entry systems},
	author={Garcia, Flavio D and Oswald, David and Kasper, Timo and Pavlid{\`e}s, Pierre},
	booktitle={USENIX Security},
	year={2016}
}

@inproceedings{fayaz2015bohatei,
	title={Bohatei: Flexible and elastic ddos defense},
	author={Fayaz, Seyed K and Tobioka, Yoshiaki and Sekar, Vyas and Bailey, Michael},
	booktitle={USENIX Security},
	pages={817--832},
	year={2015}
}


@inproceedings{pattuk2014preventing,
	title={Preventing cryptographic key leakage in cloud virtual machines},
	author={Pattuk, Erman and Kantarcioglu, Murat and Lin, Zhiqiang and Ulusoy, Huseyin},
	booktitle={USENIX Security},
	pages={703--718},
	year={2014}
}


@inproceedings{jagpal2015trends,
	title={Trends and lessons from three years fighting malicious extensions},
	author={Jagpal, Nav and Dingle, Eric and Gravel, Jean-Philippe and Mavrommatis, Panayiotis and Provos, Niels and Rajab, Moheeb Abu and Thomas, Kurt},
	booktitle={USENIX Security},
	pages={579--593},
	year={2015}
}

@inproceedings{lekies2015unexpected,
	title={The unexpected dangers of dynamic javascript},
	author={Lekies, Sebastian and Stock, Ben and Wentzel, Martin and Johns, Martin},
	booktitle={USENIX Security},
	pages={723--735},
	year={2015}
}

@inproceedings{van2016request,
	title={Request and conquer: Exposing cross-origin resource size},
	author={Van Goethem, Tom and Vanhoef, Mathy and Piessens, Frank and Joosen, Wouter},
	booktitle={USENIX Security},
	pages={447--462},
	year={2016}
}


@inproceedings{soska2015measuring,
	title={Measuring the longitudinal evolution of the online anonymous marketplace ecosystem},
	author={Soska, Kyle and Christin, Nicolas},
	booktitle={USENIX Security},
	pages={33--48},
	year={2015}
}


@inproceedings{dowling2016authenticated,
	title={Authenticated network time synchronization},
	author={Dowling, Benjamin and Stebila, Douglas and Zaverucha, Greg},
	booktitle={USENIX Security},
	pages={823--840},
	year={2016}
}

@inproceedings{caselli2016specification,
	title={Specification mining for intrusion detection in networked control systems},
	author={Caselli, Marco and Zambon, Emmanuele and Amann, Johanna and Sommer, Robin and Kargl, Frank},
	booktitle={USENIX Security},
	pages={791--806},
	year={2016}
}

@inproceedings{li2014emperor,
	title={The emperor’s new password manager: Security analysis of web-based password managers},
	author={Li, Zhiwei and He, Warren and Akhawe, Devdatta and Song, Dawn},
	booktitle={USENIX Security},
	pages={465--479},
	year={2014}
}


@inproceedings{bonneau2014towards,
	title={Towards reliable storage of 56-bit secrets in human memory},
	author={Bonneau, Joseph and Schechter, Stuart},
	booktitle={USENIX Security},
	pages={607--623},
	year={2014}
}

@inproceedings{thomas2016investigating,
	title={Investigating commercial pay-per-install and the distribution of unwanted software},
	author={Thomas, Kurt and Crespo, Juan A Elices and Rasti, Ryan and Picod, Jean-Michel and Phillips, Cait and Decoste, Marc-Andr{\'e} and Sharp, Chris and Tirelo, Fabio and Tofigh, Ali and Courteau, Marc-Antoine and others},
	booktitle={USENIX Security},
	pages={721--739},
	year={2016}
}


@inproceedings{chen2015finding,
	title={Finding unknown malice in 10 seconds: Mass vetting for new threats at the google-play scale},
	author={Chen, Kai and Wang, Peng and Lee, Yeonjoon and Wang, XiaoFeng and Zhang, Nan and Huang, Heqing and Zou, Wei and Liu, Peng},
	booktitle={USENIX Security},
	pages={659--674},
	year={2015}
}




@inproceedings{smolyar2015securing,
	title={Securing self-virtualizing ethernet devices},
	author={Smolyar, Igor and Ben-Yehuda, Muli and Tsafrir, Dan},
	booktitle={USENIX Security},
	pages={335--350},
	year={2015}
}

@inproceedings{egele2014blanket,
	title={Blanket execution: Dynamic similarity testing for program binaries and components},
	author={Egele, Manuel and Woo, Maverick and Chapman, Peter and Brumley, David},
	booktitle={USENIX Security},
	pages={303--317},
	year={2014}
}


@inproceedings{rane2015raccoon,
	title={Raccoon: Closing digital side-channels through obfuscated execution},
	author={Rane, Ashay and Lin, Calvin and Tiwari, Mohit},
	booktitle={USENIX Security},
	pages={431--446},
	year={2015}
}

@inproceedings{fredrikson2014zo,
	title={Z{\O}: An optimizing distributing zero-knowledge compiler},
	author={Fredrikson, Matthew and Livshits, Benjamin},
	booktitle={USENIX Security},
	pages={909--924},
	year={2014}
}

@inproceedings{cho2016fingerprinting,
	title={Fingerprinting electronic control units for vehicle intrusion detection},
	author={Cho, Kyong-Tak and Shin, Kang G},
	booktitle={USENIX Security},
	pages={911--927},
	year={2016}
}

@inproceedings{jana2016automatically,
	title={Automatically detecting error handling bugs using error specifications},
	author={Jana, Suman and Kang, Yuan Jochen and Roth, Samuel and Ray, Baishakhi},
	booktitle={USENIX Security},
	pages={345--362},
	year={2016}
}

@inproceedings{meyer2014revisiting,
	title={Revisiting SSL/TLS implementations: New bleichenbacher side channels and attacks},
	author={Meyer, Christopher and Somorovsky, Juraj and Weiss, Eugen and Schwenk, J{\"o}rg and Schinzel, Sebastian and Tews, Erik},
	booktitle={USENIX Security},
	pages={733--748},
	year={2014}
}

@inproceedings{dinh2015m2r,
	title={M2r: Enabling stronger privacy in mapreduce computation},
	author={Dinh, Tien Tuan Anh and Saxena, Prateek and Chang, Ee-Chien and Ooi, Beng Chin and Zhang, Chunwang},
	booktitle={USENIX Security},
	pages={447--462},
	year={2015}
}

@inproceedings{zheng2015cookies,
	title={Cookies lack integrity: Real-world implications},
	author={Zheng, Xiaofeng and Jiang, Jian and Liang, Jinjin and Duan, Haixin and Chen, Shuo and Wan, Tao and Weaver, Nicholas},
	booktitle={USENIX Security},
	pages={707--721},
	year={2015}
}


@inproceedings{melara2015coniks,
	title={$\{$CONIKS$\}$: Bringing Key Transparency to End Users},
	author={Melara, Marcela S and Blankstein, Aaron and Bonneau, Joseph and Felten, Edward W and Freedman, Michael J},
	booktitle={USENIX Security},
	pages={383--398},
	year={2015}
}


@inproceedings{costin2014large,
	title={A large-scale analysis of the security of embedded firmwares},
	author={Costin, Andrei and Zaddach, Jonas and Francillon, Aur{\'e}lien and Balzarotti, Davide},
	booktitle={USENIX Security},
	pages={95--110},
	year={2014}
}


@inproceedings{oltrogge2015pin,
	title={To Pin or Not to Pin—Helping App Developers Bullet Proof Their $\{$TLS$\}$ Connections},
	author={Oltrogge, Marten and Acar, Yasemin and Dechand, Sergej and Smith, Matthew and Fahl, Sascha},
	booktitle={USENIX Security},
	pages={239--254},
	year={2015}
}




@inproceedings{nan2015uipicker,
	title={Uipicker: User-input privacy identification in mobile applications},
	author={Nan, Yuhong and Yang, Min and Yang, Zhemin and Zhou, Shunfan and Gu, Guofei and Wang, XiaoFeng},
	booktitle={USENIX Security},
	pages={993--1008},
	year={2015}
}

@inproceedings{viswanath2014towards,
	title={Towards detecting anomalous user behavior in online social networks},
	author={Viswanath, Bimal and Bashir, M Ahmad and Crovella, Mark and Guha, Saikat and Gummadi, Krishna P and Krishnamurthy, Balachander and Mislove, Alan},
	booktitle={USENIX Security},
	pages={223--238},
	year={2014}
}


@inproceedings{di2015elf,
	title={How the $\{$ELF$\}$ Ruined Christmas},
	author={Di Federico, Alessandro and Cama, Amat and Shoshitaishvili, Yan and Kruegel, Christopher and Vigna, Giovanni},
	booktitle={USENIX Security},
	pages={643--658},
	year={2015}
}


@inproceedings{araujo2015compiler,
	title={Compiler-instrumented, dynamic secret-redaction of legacy processes for attacker deception},
	author={Araujo, Frederico and Kevin, W and others},
	booktitle={USENIX Security},
	pages={145--159},
	year={2015}
}


@inproceedings{lekies2015unexpected,
	title={The unexpected dangers of dynamic javascript},
	author={Lekies, Sebastian and Stock, Ben and Wentzel, Martin and Johns, Martin},
	booktitle={USENIX Security},
	pages={723--735},
	year={2015}
}

@inproceedings{yun2016apisan,
	title={Apisan: Sanitizing $\{$API$\}$ usages through semantic cross-checking},
	author={Yun, Insu and Min, Changwoo and Si, Xujie and Jang, Yeongjin and Kim, Taesoo and Naik, Mayur},
	booktitle={USENIX Security},
	pages={363--378},
	year={2016}
}


@inproceedings{andriesse2016depth,
	title={An in-depth analysis of disassembly on full-scale x86/x64 binaries},
	author={Andriesse, Dennis and Chen, Xi and Van Der Veen, Victor and Slowinska, Asia and Bos, Herbert},
	booktitle={USENIX Security},
	pages={583--600},
	year={2016}
}


@inproceedings{le2014look,
	title={A look at targeted attacks through the lense of an $\{$NGO$\}$},
	author={Le Blond, Stevens and Uritesc, Adina and Gilbert, C{\'e}dric and Chua, Zheng Leong and Saxena, Prateek and Kirda, Engin},
	booktitle={USENIX Security},
	pages={543--558},
	year={2014}
}


@inproceedings{kemerlis2014ret2dir,
	title={ret2dir: Rethinking kernel isolation},
	author={Kemerlis, Vasileios P and Polychronakis, Michalis and Keromytis, Angelos D},
	booktitle={USENIX Security},
	pages={957--972},
	year={2014}
}


@inproceedings{heilman2015eclipse,
	title={Eclipse attacks on bitcoin’s peer-to-peer network},
	author={Heilman, Ethan and Kendler, Alison and Zohar, Aviv and Goldberg, Sharon},
	booktitle={USENIX Security},
	pages={129--144},
	year={2015}
}


@inproceedings{alrwais2014understanding,
	title={Understanding the dark side of domain parking},
	author={Alrwais, Sumayah and Yuan, Kan and Alowaisheq, Eihal and Li, Zhou and Wang, XiaoFeng},
	booktitle={USENIX Security},
	pages={207--222},
	year={2014}
}


@inproceedings{ben2014succinct,
	title={Succinct non-interactive zero knowledge for a von Neumann architecture},
	author={Ben-Sasson, Eli and Chiesa, Alessandro and Tromer, Eran and Virza, Madars},
	booktitle={USENIX Security},
	pages={781--796},
	year={2014}
}

@inproceedings{michalevsky2015powerspy,
	title={Powerspy: Location tracking using mobile device power analysis},
	author={Michalevsky, Yan and Schulman, Aaron and Veerapandian, Gunaa Arumugam and Boneh, Dan and Nakibly, Gabi},
	booktitle={USENIX Security},
	pages={785--800},
	year={2015}
}

@inproceedings{lecuyer2014xray,
	title={Xray: Enhancing the web’s transparency with differential correlation},
	author={L{\'e}cuyer, Mathias and Ducoffe, Guillaume and Lan, Francis and Papancea, Andrei and Petsios, Theofilos and Spahn, Riley and Chaintreau, Augustin and Geambasu, Roxana},
	booktitle={USENIX Security},
	pages={49--64},
	year={2014}
}


@inproceedings{oren2014aether,
	title={From the aether to the ethernet—attacking the internet using broadcast digital television},
	author={Oren, Yossef and Keromytis, Angelos D},
	booktitle={USENIX Security},
	pages={353--368},
	year={2014}
}


@inproceedings{caliskan2015anonymizing,
	title={De-anonymizing programmers via code stylometry},
	author={Caliskan-Islam, Aylin and Harang, Richard and Liu, Andrew and Narayanan, Arvind and Voss, Clare and Yamaguchi, Fabian and Greenstadt, Rachel},
	booktitle={USENIX Security},
	pages={255--270},
	year={2015}
}

@inproceedings{carlini2014rop,
	title={$\{$ROP$\}$ is still dangerous: Breaking modern defenses},
	author={Carlini, Nicholas and Wagner, David},
	booktitle={USENIX Security},
	pages={385--399},
	year={2014}
}

@inproceedings{brocker2014iseeyou,
	title={iSeeYou: Disabling the MacBook Webcam Indicator $\{$LED$\}$},
	author={Brocker, Matthew and Checkoway, Stephen},
	booktitle={USENIX Security},
	pages={337--352},
	year={2014}
}

@inproceedings{rebert2014optimizing,
	title={Optimizing seed selection for fuzzing},
	author={Rebert, Alexandre and Cha, Sang Kil and Avgerinos, Thanassis and Foote, Jonathan and Warren, David and Grieco, Gustavo and Brumley, David},
	booktitle={USENIX Security},
	pages={861--875},
	year={2014}
}

@inproceedings{thomas2016investigating,
	title={Investigating commercial pay-per-install and the distribution of unwanted software},
	author={Thomas, Kurt and Crespo, Juan A Elices and Rasti, Ryan and Picod, Jean-Michel and Phillips, Cait and Decoste, Marc-Andr{\'e} and Sharp, Chris and Tirelo, Fabio and Tofigh, Ali and Courteau, Marc-Antoine and others},
	booktitle={USENIX Security},
	pages={721--739},
	year={2016}
}

@inproceedings{davi2014stitching,
	title={Stitching the gadgets: On the ineffectiveness of coarse-grained control-flow integrity protection},
	author={Davi, Lucas and Sadeghi, Ahmad-Reza and Lehmann, Daniel and Monrose, Fabian},
	booktitle={USENIX Security},
	pages={401--416},
	year={2014}
}

@inproceedings{nelms2015webwitness,
	title={Webwitness: Investigating, categorizing, and mitigating malware download paths},
	author={Nelms, Terry and Perdisci, Roberto and Antonakakis, Manos and Ahamad, Mustaque},
	booktitle={USENIX Security},
	pages={1025--1040},
	year={2015}
}

@inproceedings{borgolte2015meerkat,
	title={Meerkat: Detecting website defacements through image-based object recognition},
	author={Borgolte, Kevin and Kruegel, Christopher and Vigna, Giovanni},
	booktitle={USENIX Security},
	pages={595--610},
	year={2015}
}

@inproceedings{nakibly2016website,
	title={Website-targeted false content injection by network operators},
	author={Nakibly, Gabi and Schcolnik, Jaime and Rubin, Yossi},
	booktitle={USENIX Security},
	pages={227--244},
	year={2016}
}

@inproceedings{alkim2016post,
	title={Post-quantum key exchange—a new hope},
	author={Alkim, Erdem and Ducas, L{\'e}o and P{\"o}ppelmann, Thomas and Schwabe, Peter},
	booktitle={USENIX Security},
	pages={327--343},
	year={2016}
}

@inproceedings{xu2016virtual,
	title={Virtual u: Defeating face liveness detection by building virtual models from your public photos},
	author={Xu, Yi and Price, True and Frahm, Jan-Michael and Monrose, Fabian},
	booktitle={USENIX Security},
	pages={497--512},
	year={2016}
}

@inproceedings{garcia2016lock,
	title={Lock it and still lose it—on the (in) security of automotive remote keyless entry systems},
	author={Garcia, Flavio D and Oswald, David and Kasper, Timo and Pavlid{\`e}s, Pierre},
	booktitle={USENIX Security},
	year={2016}
}

@inproceedings{araujo2015compiler,
	title={Compiler-instrumented, dynamic secret-redaction of legacy processes for attacker deception},
	author={Araujo, Frederico and Kevin, W and others},
	booktitle={USENIX Security},
	pages={145--159},
	year={2015}
}